% Bibliografía
@article{lucena,
  title={Criptograf{\'\i}a y seguridad en computadores},
  author={Lucena, Manuel Jos{\'e}},
  journal={versi{\'o}n 0.7},
  volume={5},
  year={1999}
}

@article{ramli2008iris,
  title={Iris recognition for personal identification},
  author={Ramli, Mohamad and Akmar, Nurul and Kamarudin, Muhammad Saufi and Joret, Ariffuddin},
  year={2008},
  href={http://eprints.uthm.edu.my/263/1/nurul_akmar.pdf}
}

@misc{androidStudio,
 author = {Google Inc.},
 title = {Android Studio - The Official IDE for Android},
 url = {http://developer.android.com/intl/ko/sdk/index.html},
 lastchecked  = {051.05.2016}
}

@misc{java,
 author = {Oracle Corporation},
 title = {Software Java},
 url = {https://www.oracle.com/es/java/index.html},
 lastchecked = {07.05.2016}
}

@misc{googleIcons,
 author = {Google Inc.},
 title = {Material Design Icons},
 url = {https://design.google.com/icons/},
 lastchecked = {08.05.2016}
}

@misc{bouncyCastle,
 author = {Legion of the Bouncy Castle Inc.},
 title = {Bouncy Castle - API Criptográfica},
 url = {https://www.bouncycastle.org/java.html},
 lastchecked = {10.05.2016}
}

@misc{sqlite,
 author = {SQLite},
 title = {SQLite - Public domain embedded SQL database engine},
 url = {https://www.sqlite.org/},
 lastchecked = {10.05.2016}
}

@misc{mifare,
 author = {MIFARE},
 title = {MIFARE IC - Contactless smart cards},
 url = {https://www.mifare.net/en/products/chip-card-ics/},
 lastchecked = {10.05.2016}
}

@misc{androidAPI21,
 author = {Google Inc.},
 title = {Android APIs - About version 5.0},
 url = {http://developer.android.com/intl/es/about/versions/android-5.0.html},
 lastchecked = {14.05.2016}
}

@misc{androidAPI22,
 author = {Google Inc.},
 title = {Android APIs - About version 5.1},
 url = {http://developer.android.com/intl/es/about/versions/android-5.1.html},
 lastchecked = {14.05.2016}
}

@misc{iso14443,
 author = {ISO/IEC},
 title = {ISO/IEC Standard 14443-3},
 url = {https://www.iso.org/obp/ui/#!iso:std:50942:en},
 date = {2011},
 lastchecked = {14.05.2016}
}

@misc{nfcSpecifications,
 author = {NFC Forum},
 title = {NFC Forum Specifications},
 url = {http://www.nfc-forum.org/specs/},
 date = {16.04.2014},
 lastchecked = {14.05.2016}
}

@misc{whatsappEncryption,
 author = {Whatsapp},
 title = {Whatsapp encryption overview},
 url = {https://www.whatsapp.com/security/WhatsApp-Security-Whitepaper.pdf},
 date = {04.04.2014}
}

@misc{javaSecurity,
 author = {Oracle Corporation},
 title = {Java Security Package},
 url = {https://docs.oracle.com/javase/7/docs/api/java/security/package-summary.html},
 lastchecked = {02.05.2014}
}

@misc{materialDesign,
 author = {Google Inc.},
 title = {Material design guidelines},
 url = {https://www.google.com/design/spec/material-design/introduction.html},
 lastchecked = {13.05.2014}
}

@misc{gantt,
 author = {GanttProject Team},
 title = {GanttProject},
 url = {http://ganttproject.biz/},
 lastchecked = {15.05.2014}
}

@misc{yUML,
 author = {Pocketworks},
 title = {yUML Diagrams},
 url = {http://yuml.me/},
 lastchecked = {16.05.2014}
}

@misc{junit,
 author = {JUnit},
 title = {JUnit},
 url = {http://junit.org/junit4/},
 lastchecked = {17.05.2014}
}

@misc{eclipse,
 author = {Eclipse Fundation},
 title = {Eclipse},
 url = {https://eclipse.org/},
 lastchecked = {17.05.2014}
}

@misc{definicionCurvasF2M,
 author = {Technische Universität Darmstadt},
 title = {Curves over GF(2m) defined by ANSI X9.62},
 url = {https://www.flexiprovider.de/CurvesGf2mX962.html},
 lastchecked = {19.05.2014}
}

@misc{diagramaDBOnline,
 author = {GenMyModel},
 title = {GenMyModel modeling platform},
 url = {https://www.genmymodel.com},
 lastchecked = {19.05.2014}
}